@misc{ara,
  title = {{ARA} Proposal Template},
  url = {https://www.amazon.science/_attachment/ara-proposal-template?id=00000174-033a-d166-a3f5-1f7b1fc10000},
  note = {Accessed: 2023-11-12}
}
